<?xml version="1.0" encoding="UTF-8"?><collection xmlns="http://www.loc.gov/MARC21/slim"><record><leader>00381nam--2200121-i-4500</leader><controlfield tag="001">000037888</controlfield><controlfield tag="002">20161230</controlfield><controlfield tag="005">20161230201041</controlfield><controlfield tag="008">060222s1000------------r-----000-0-eng-d</controlfield><datafield ind1=" " ind2=" " tag="080"><subfield code="a">06</subfield></datafield><datafield ind1=" " ind2=" " tag="245"><subfield code="a">11-ene rapport annuel de la commission de controle de l`energie atomique du canada, 1956-1957</subfield></datafield><datafield ind1=" " ind2=" " tag="260"><subfield code="a">Ottawa, /Edmond Cloutier/, 1957, 12p.In L.Fr.Si 12p.In L.Engleza</subfield></datafield><datafield ind1=" " ind2=" " tag="852"><subfield code="a">12584</subfield></datafield></record></collection>